@STRING{ jan = "styczeń" }
@STRING{ feb = "luty" }
@STRING{ mar = "marzec" }
@STRING{ apr = "kwiecień" }
@STRING{ may = "maj" }
@STRING{ jun = "czerwiec" }
@STRING{ jul = "lipiec" }
@STRING{ aug = "sierpień" }
@STRING{ sep = "wrzesień" }
@STRING{ oct = "październik" }
@STRING{ nov = "listopad" }
@STRING{ dec = "grudzień" }

@misc{kissfft,
  title = {Opis strony},
  howpublished = {\url{http://link.com}},
  note = {Dostępne na dzień: 2015-11-30}
}

